<record><leader>00000cas a22000007a 4500</leader><controlfield tag="001">15803139</controlfield><controlfield tag="008">870603c19uu9999txusr ne      0   a0eng d</controlfield><datafield ind1=" " ind2=" " tag="010"><subfield code="a">sn 87090336 </subfield></datafield><datafield ind1=" " ind2=" " tag="040"><subfield code="a">PPM</subfield><subfield code="b">eng</subfield><subfield code="c">PPM</subfield><subfield code="d">NSD</subfield><subfield code="d">OCLCQ</subfield></datafield><datafield ind1=" " ind2=" " tag="012"><subfield code="m">1</subfield></datafield><datafield ind1="1" ind2=" " tag="022"><subfield code="a">1063-8199</subfield><subfield code="l">1063-8199</subfield><subfield code="2">1</subfield></datafield><datafield ind1=" " ind2=" " tag="032"><subfield code="a">024380</subfield><subfield code="b">USPS</subfield></datafield><datafield ind1=" " ind2=" " tag="037"><subfield code="b">The Amherst Press, PO Box 370, Amherst, TX 79312-0370</subfield></datafield><datafield ind1=" " ind2=" " tag="042"><subfield code="a">msc</subfield><subfield code="a">nsdp</subfield></datafield><datafield ind1=" " ind2="4" tag="222"><subfield code="a">The Amherst press</subfield></datafield><datafield ind1="0" ind2="0" tag="245"><subfield code="a">Amherst press.</subfield></datafield><datafield ind1=" " ind2=" " tag="260"><subfield code="a">Amherst, Tex. :</subfield><subfield code="b">Ray Freedman</subfield></datafield><datafield ind1=" " ind2=" " tag="300"><subfield code="a">v.</subfield></datafield><datafield ind1=" " ind2=" " tag="310"><subfield code="a">Semimonthly,</subfield><subfield code="b">&lt;June 21, 1992-&gt;</subfield></datafield><datafield ind1=" " ind2=" " tag="321"><subfield code="a">Weekly,</subfield><subfield code="b">&lt;Nov. 23, 1978-&gt;</subfield></datafield><datafield ind1=" " ind2=" " tag="588"><subfield code="a">Description based on: Vol. 40, no. 53 (Nov. 23, 1978).</subfield></datafield><datafield ind1=" " ind2=" " tag="588"><subfield code="a">Latest issue consulted: Vol. 67, no. 2 (June 21, 1992).</subfield></datafield><datafield ind1=" " ind2=" " tag="752"><subfield code="a">United States</subfield><subfield code="b">Texas</subfield><subfield code="c">Lamb</subfield><subfield code="d">Amherst.</subfield></datafield></record>